<record><leader>00000cas a22000007a 4500</leader><controlfield tag="001">17234988</controlfield><controlfield tag="008">871214d18851899ohuwr ne      0    0eng d</controlfield><datafield ind1=" " ind2=" " tag="010"><subfield code="a">sn 87075256 </subfield></datafield><datafield ind1=" " ind2=" " tag="040"><subfield code="a">ONP</subfield><subfield code="b">eng</subfield><subfield code="c">ONP</subfield><subfield code="d">OCLCQ</subfield></datafield><datafield ind1=" " ind2=" " tag="042"><subfield code="a">msc</subfield></datafield><datafield ind1="0" ind2="4" tag="245"><subfield code="a">The Bellaire herald.</subfield></datafield><datafield ind1=" " ind2=" " tag="260"><subfield code="a">Bellaire, Ohio :</subfield><subfield code="b">R.C. Meyer</subfield></datafield><datafield ind1=" " ind2=" " tag="310"><subfield code="a">Weekly</subfield></datafield><datafield ind1="1" ind2=" " tag="362"><subfield code="a">Began in 1885; ceased in 1899.</subfield></datafield><datafield ind1=" " ind2=" " tag="588"><subfield code="a">Description based on: Vol. 14, no. 1 (Jan. 13, 1898).</subfield></datafield><datafield ind1=" " ind2=" " tag="752"><subfield code="a">United States</subfield><subfield code="b">Ohio</subfield><subfield code="c">Belmont</subfield><subfield code="d">Bellaire.</subfield></datafield><datafield ind1="0" ind2="0" tag="785"><subfield code="t">Bellaire herald-tribune</subfield></datafield></record>